<record xmlns="http://www.loc.gov/MARC21/slim" xmlns:xsi="http://www.w3.org/2001/XMLSchema-instance" xsi:schemaLocation="http://www.loc.gov/MARC21/slim http://www.loc.gov/standards/marcxml/schema/MARC21slim.xsd"><leader>02575nam a2200469   4500</leader><controlfield tag="001">002742817</controlfield><controlfield tag="003">NNU</controlfield><controlfield tag="006">m        d        </controlfield><controlfield tag="007">cr cn |||m|||a</controlfield><controlfield tag="008">150222s1978    iq      ob    000 0 ara d</controlfield><datafield ind1=" " ind2=" " tag="040"><subfield code="a">NNU</subfield><subfield code="b">eng</subfield><subfield code="e">rda</subfield><subfield code="c">NNU</subfield></datafield><datafield ind1=" " ind2=" " tag="043"><subfield code="a">a-is---</subfield></datafield><datafield ind1=" " ind2="4" tag="050"><subfield code="a">PJ8190.P3</subfield><subfield code="b">M87 1978</subfield></datafield><datafield ind1="1" ind2=" " tag="100"><subfield code="6">880-01</subfield><subfield code="a">Mus&#803;t&#803;afa&#769;, Kha&#772;lid &#699;Ali&#772;.</subfield></datafield><datafield ind1="1" ind2="3" tag="245"><subfield code="6">880-02</subfield><subfield code="a">al-Shi&#699;r al-Filast&#803;i&#772;ni&#772; al-h&#803;adi&#772;th, 1948-1970 /</subfield><subfield code="c">Kha&#772;lid &#699;Ali&#772; Mus&#803;t&#803;afa&#772;.</subfield></datafield><datafield ind1=" " ind2=" " tag="260"><subfield code="6">880-03</subfield><subfield code="a">[Baghda&#772;d] :</subfield><subfield code="b">al-Jamhu&#772;riyah al-&#699;Ira&#772;qi&#772;yah, Wiza&#772;rat al-Thaqa&#772;fah wa&#772; al-Funu&#772;n :</subfield><subfield code="b">tawzi&#772;&#699; al-Da&#772;r al-Wat&#803;ani&#772;yah,</subfield><subfield code="c">1978.</subfield></datafield><datafield ind1=" " ind2=" " tag="300"><subfield code="a">online resource (319 pages)</subfield></datafield><datafield ind1=" " ind2=" " tag="336"><subfield code="a">text</subfield><subfield code="2">rdacontent</subfield></datafield><datafield ind1=" " ind2=" " tag="337"><subfield code="a">computer</subfield><subfield code="2">rdamedia</subfield></datafield><datafield ind1=" " ind2=" " tag="338"><subfield code="a">online resource</subfield><subfield code="2">rdacarrier</subfield></datafield><datafield ind1="1" ind2=" " tag="490"><subfield code="6">880-04</subfield><subfield code="a">Silsilat dira&#772;sa&#772;t ;</subfield><subfield code="v">153</subfield></datafield><datafield ind1=" " ind2=" " tag="500"><subfield code="a">Part of the Arabic Collections Online (ACO) project, contributed by New York Univeristy Libraries.</subfield></datafield><datafield ind1=" " ind2=" " tag="504"><subfield code="a">Includes bibliographical references (pages 306-318).</subfield></datafield><datafield ind1=" " ind2=" " tag="533"><subfield code="a">Electronic reproduction.</subfield><subfield code="b">New York, N.Y. :</subfield><subfield code="c">New York University,</subfield><subfield code="d">2015.</subfield><subfield code="5">NNU</subfield></datafield><datafield ind1=" " ind2="0" tag="650"><subfield code="a">Arabic poetry</subfield><subfield code="z">Palestine</subfield><subfield code="x">History and criticism.</subfield></datafield><datafield ind1=" " ind2="7" tag="650"><subfield code="a">Arabic poetry.</subfield><subfield code="2">fast</subfield><subfield code="0">(OCoLC)fst00812533</subfield></datafield><datafield ind1=" " ind2="7" tag="651"><subfield code="a">Middle East</subfield><subfield code="z">Palestine.</subfield><subfield code="2">fast</subfield><subfield code="0">(OCoLC)fst01207534</subfield></datafield><datafield ind1="0" ind2=" " tag="653"><subfield code="a">Palestinian Arabic poetry</subfield></datafield><datafield ind1=" " ind2="7" tag="655"><subfield code="a">Criticism, interpretation, etc.</subfield><subfield code="2">fast</subfield><subfield code="0">(OCoLC)fst01411635</subfield></datafield><datafield ind1="2" ind2=" " tag="710"><subfield code="a">New York University.</subfield><subfield code="b">Libraries.</subfield></datafield><datafield ind1="0" ind2=" " tag="730"><subfield code="a">Arabic Collections Online.</subfield></datafield><datafield ind1="0" ind2="8" tag="776"><subfield code="i">Online version:</subfield><subfield code="a">Mus&#803;t&#803;afa&#769;, Kha&#772;lid &#699;Ali&#772;.</subfield><subfield code="t">Shi&#699;r al-Filast&#803;i&#772;ni&#772; al-h&#803;adi&#772;th, 1948-1970.</subfield><subfield code="d">Baghda&#772;d : Manshu&#772;ra&#772;t Wiza&#772;rat al-Thaqa&#772;fah wa-al-Funu&#772;n : Tawzi&#699; al-Da&#772;r al-Wat&#803;ani&#772;yah lil-Tawzi&#699; wa-al-I&#699;la&#772;n, 1978</subfield><subfield code="w">(OCoLC)560691128</subfield></datafield><datafield ind1="0" ind2="8" tag="776"><subfield code="i">Print version:</subfield><subfield code="a">Mus&#803;t&#803;afa&#769;, Kha&#772;lid &#699;Ali&#772;.</subfield><subfield code="t">al-Shi&#699;r al-Filast&#803;i&#772;ni&#772; al-h&#803;adi&#772;th, 1948-1970</subfield><subfield code="w">(NNU)002742817</subfield><subfield code="w">(DLC)   79961345</subfield></datafield><datafield ind1="4" ind2="0" tag="856"><subfield code="u">http://hdl.handle.net/2333.1/dbrv1774</subfield></datafield><datafield ind1="1" ind2=" " tag="880"><subfield code="6">100-01/</subfield><subfield code="a">&#8207;&#1605;&#1589;&#1591;&#1601;&#1609;&#1548; &#1582;&#1575;&#1604;&#1583; &#1593;&#1604;&#1610;.</subfield></datafield><datafield ind1="1" ind2="2" tag="880"><subfield code="6">245-02/</subfield><subfield code="a">&#8207;&#1575;&#1604;&#1588;&#1593;&#1585; &#1575;&#1604;&#1601;&#1604;&#1587;&#1591;&#1610;&#1606;&#1610; &#1575;&#1604;&#1581;&#1583;&#1610;&#1579;&#1548; 1948-1970 /&#8207;</subfield><subfield code="c">&#8207;&#1582;&#1575;&#1604;&#1583; &#1593;&#1604;&#1610; &#1605;&#1589;&#1591;&#1601;&#1609;.</subfield></datafield><datafield ind1=" " ind2=" " tag="880"><subfield code="6">260-03/</subfield><subfield code="a">[&#1576;&#1594;&#1583;&#1575;&#1583;] :</subfield><subfield code="b">&#1575;&#1604;&#1580;&#1605;&#1607;&#1608;&#1585;&#1610;&#1577; &#1575;&#1604;&#1593;&#1585;&#1575;&#1602;&#1610;&#1577;&#1548; &#1608;&#1586;&#1575;&#1585;&#1577; &#1575;&#1604;&#1579;&#1602;&#1575;&#1601;&#1577; &#1608;&#1575;&#1604;&#1601;&#1606;&#1608;&#1606; :</subfield><subfield code="b">&#1578;&#1608;&#1586;&#1610;&#1593; &#1575;&#1604;&#1583;&#1575;&#1585; &#1575;&#1604;&#1608;&#1591;&#1606;&#1610;&#1577;&#1548;</subfield><subfield code="c">1978.</subfield></datafield><datafield ind1="1" ind2=" " tag="880"><subfield code="6">490-04/</subfield><subfield code="a">&#1587;&#1604;&#1587;&#1604;&#1577; &#1583;&#1585;&#1575;&#1587;&#1575;&#1578; &#1563;</subfield><subfield code="v">153</subfield></datafield><datafield ind1=" " ind2="0" tag="830"><subfield code="6">880-05</subfield><subfield code="a">Silsilat dir&#257;s&#257;t</subfield><subfield code="v">153.</subfield></datafield><datafield ind1=" " ind2="0" tag="880"><subfield code="6">830-05/</subfield><subfield code="a">&#1587;&#1604;&#1587;&#1604;&#1577; &#1583;&#1585;&#1575;&#1587;&#1575;&#1578; &#1563;</subfield><subfield code="v">153.</subfield></datafield><datafield ind1=" " ind2=" " tag="959"><subfield code="a">NNU</subfield><subfield code="b">WEB</subfield><subfield code="c">GENI</subfield><subfield code="t">0</subfield><subfield code="m">Electronic access</subfield><subfield code="s">01</subfield></datafield><datafield ind1=" " ind2=" " tag="999"><subfield code="i">NNU_002742817</subfield><subfield code="s">nyu_aco000302</subfield></datafield></record>